
@article{symons2017photon,
  title={Photon-counting CT for simultaneous imaging of multiple contrast agents in the abdomen: an in vivo study},
  author={Symons, Rolf and Krauss, Bernhard and Sahbaee, Pooyan and Cork, Tyler E and Lakshmanan, Manu N and Bluemke, David A and Pourmorteza, Amir},
  journal={Medical physics},
  volume={44},
  number={10},
  pages={5120--5127},
  year={2017},
  publisher={Wiley Online Library}
}

@article{muenzel2016spectral,
  title={Spectral photon-counting CT: Initial experience with dual--contrast agent K-edge colonography},
  author={Muenzel, Daniela and Bar-Ness, Daniel and Roessl, Ewald and Blevis, Ira and Bartels, Matthias and Fingerle, Alexander A and Ruschke, Stefan and Coulon, Philippe and Daerr, Heiner and Kopp, Felix K and others},
  journal={Radiology},
  volume={283},
  number={3},
  pages={723--728},
  year={2016},
  publisher={Radiological Society of North America}
}

@article{dangelmaier2018experimental,
  title={Experimental feasibility of spectral photon-counting computed tomography with two contrast agents for the detection of endoleaks following endovascular aortic repair},
  author={Dangelmaier, Julia and Bar-Ness, Daniel and Daerr, Heiner and Muenzel, Daniela and Si-Mohamed, Salim and Ehn, Sebastian and Fingerle, Alexander A and Kimm, Melanie A and Kopp, Felix K and Boussel, Loic and others},
  journal={European radiology},
  pages={1--8},
  year={2018},
  publisher={Springer}
}

@article{cormode2010atherosclerotic,
  title={Atherosclerotic plaque composition: analysis with multicolor CT and targeted gold nanoparticles},
  author={Cormode, David P and Roessl, Ewald and Thran, Axel and Skajaa, Torjus and Gordon, Ronald E and Schlomka, Jens-Peter and Fuster, Valentin and Fisher, Edward A and Mulder, Willem JM and Proksa, Roland and others},
  journal={Radiology},
  volume={256},
  number={3},
  pages={774--782},
  year={2010},
  publisher={Radiological Society of North America, Inc.}
}

@article{baturin2012spectral,
  title={Spectral CT imaging of vulnerable plaque with two independent biomarkers},
  author={Baturin, Pavlo and Alivov, Yahya and Molloi, Sabee},
  journal={Physics in Medicine \& Biology},
  volume={57},
  number={13},
  pages={4117},
  year={2012},
  publisher={IOP Publishing}
}

@article{flohr2006first,
  title={First performance evaluation of a dual-source CT (DSCT) system},
  author={Flohr, Thomas G and McCollough, Cynthia H and Bruder, Herbert and Petersilka, Martin and Gruber, Klaus and S{\"u}$\beta$, Christoph and Grasruck, Michael and Stierstorfer, Karl and Krauss, Bernhard and Raupach, Rainer and others},
  journal={European radiology},
  volume={16},
  number={2},
  pages={256--268},
  year={2006},
  publisher={Springer}
}


@inproceedings{xu2009dual,
  title={Dual energy CT via fast kVp switching spectrum estimation},
  author={Xu, Dan and Langan, David A and Wu, Xiaoye and Pack, Jed D and Benson, Thomas M and Tkaczky, J Eric and Schmitz, Andrea M},
  booktitle={Medical Imaging 2009: Physics of Medical Imaging},
  volume={7258},
  pages={72583T},
  year={2009},
  organization={International Society for Optics and Photonics}
}


@article{rutt1980split,
  title={Split-filter computed tomography: a simple technique for dual energy scanning.},
  author={Rutt, Brian and Fenster, Aaron},
  journal={Journal of computer assisted tomography},
  volume={4},
  number={4},
  pages={501--509},
  year={1980}
}

@inproceedings{carmi2005material,
  title={Material separation with dual-layer CT},
  author={Carmi, Raz and Naveh, Galit and Altman, Ami},
  booktitle={Nuclear Science Symp. Conference Record, 2005 IEEE},
  volume={4},
  pages={3--pp},
  year={2005},
  organization={IEEE}
}

@article{schlomka2008experimental,
  title={Experimental feasibility of multi-energy photon-counting K-edge imaging in pre-clinical computed tomography},
  author={Schlomka, JPea and Roessl, E and Dorscheid, R and Dill, S and Martens, G and Istel, T and B{\"a}umer, C and Herrmann, C and Steadman, R and Zeitler, G and others},
  journal={Physics in Medicine \& Biology},
  volume={53},
  number={15},
  pages={4031},
  year={2008},
  publisher={IOP Publishing}
}

@inproceedings{stayman2018model,
  title={Model-based Multi-material Decomposition using Spatial-Spectral CT Filters},
  author={Stayman, J. Webster and Tilley II, Steven},
  booktitle={Conference on Image Formation in X-Ray Computed Tomography, 2018}
}

@inproceedings{tilley2018model,
  title={Model-Based Material Decomposition for Acquisitions with Relaxed Spectral and Spatial Sampling},
  author={Tilley, S and Stayman, J},
  booktitle={MEDICAL PHYSICS},
  volume={45},
  number={6},
  pages={E387--E387},
  year={2018},
  organization={WILEY 111 RIVER ST, HOBOKEN 07030-5774, NJ USA}
}






