
@article{symons2017photon,
  title={Photon-counting CT for simultaneous imaging of multiple contrast agents in the abdomen: an in vivo study},
  author={Symons, Rolf and Krauss, Bernhard and Sahbaee, Pooyan and Cork, Tyler E and Lakshmanan, Manu N and Bluemke, David A and Pourmorteza, Amir},
  journal={Medical physics},
  volume={44},
  number={10},
  pages={5120--5127},
  year={2017},
  publisher={Wiley Online Library}
}

@article{muenzel2016spectral,
  title={Spectral photon-counting CT: Initial experience with dual--contrast agent K-edge colonography},
  author={Muenzel, Daniela and Bar-Ness, Daniel and Roessl, Ewald and Blevis, Ira and Bartels, Matthias and Fingerle, Alexander A and Ruschke, Stefan and Coulon, Philippe and Daerr, Heiner and Kopp, Felix K and others},
  journal={Radiology},
  volume={283},
  number={3},
  pages={723--728},
  year={2016},
  publisher={Radiological Society of North America}
}

@article{primak2009improved,
  title={Improved dual-energy material discrimination for dual-source CT by means of additional spectral filtration},
  author={Primak, AN and Ramirez Giraldo, JC and Liu, X and Yu, L and McCollough, CH},
  journal={Medical physics},
  volume={36},
  number={4},
  pages={1359--1369},
  year={2009},
  publisher={Wiley Online Library}
}


@article{dangelmaier2018experimental,
  title={Experimental feasibility of spectral photon-counting computed tomography with two contrast agents for the detection of endoleaks following endovascular aortic repair},
  author={Dangelmaier, Julia and Bar-Ness, Daniel and Daerr, Heiner and Muenzel, Daniela and Si-Mohamed, Salim and Ehn, Sebastian and Fingerle, Alexander A and Kimm, Melanie A and Kopp, Felix K and Boussel, Loic and others},
  journal={European radiology},
  pages={1--8},
  year={2018},
  publisher={Springer}
}

@article{cormode2010atherosclerotic,
  title={Atherosclerotic plaque composition: analysis with multicolor CT and targeted gold nanoparticles},
  author={Cormode, David P and Roessl, Ewald and Thran, Axel and Skajaa, Torjus and Gordon, Ronald E and Schlomka, Jens-Peter and Fuster, Valentin and Fisher, Edward A and Mulder, Willem JM and Proksa, Roland and others},
  journal={Radiology},
  volume={256},
  number={3},
  pages={774--782},
  year={2010},
  publisher={Radiological Society of North America, Inc.}
}

@article{baturin2012spectral,
  title={Spectral CT imaging of vulnerable plaque with two independent biomarkers},
  author={Baturin, Pavlo and Alivov, Yahya and Molloi, Sabee},
  journal={Physics in Medicine \& Biology},
  volume={57},
  number={13},
  pages={4117},
  year={2012},
  publisher={IOP Publishing}
}

@article{flohr2006first,
  title={First performance evaluation of a dual-source CT (DSCT) system},
  author={Flohr, Thomas G and McCollough, Cynthia H and Bruder, Herbert and Petersilka, Martin and Gruber, Klaus and S{\"u}$\beta$, Christoph and Grasruck, Michael and Stierstorfer, Karl and Krauss, Bernhard and Raupach, Rainer and others},
  journal={European radiology},
  volume={16},
  number={2},
  pages={256--268},
  year={2006},
  publisher={Springer}
}


@inproceedings{xu2009dual,
  title={Dual energy CT via fast kVp switching spectrum estimation},
  author={Xu, Dan and Langan, David A and Wu, Xiaoye and Pack, Jed D and Benson, Thomas M and Tkaczky, J Eric and Schmitz, Andrea M},
  booktitle={Medical Imaging 2009: Physics of Medical Imaging},
  volume={7258},
  year={2009},
  organization={Int. Soc. for Optics and Photonics}
}


@article{rutt1980split,
  title={Split-filter computed tomography: a simple technique for dual energy scanning.},
  author={Rutt, Brian and Fenster, Aaron},
  journal={Journal of computer assisted tomography},
  volume={4},
  number={4},
  pages={501--509},
  year={1980}
}

@inproceedings{carmi2005material,
  title={Material separation with dual-layer CT},
  author={Carmi, Raz and Naveh, Galit and Altman, Ami},
  booktitle={Nuclear Science Symp. Conference Record, 2005 IEEE},
  volume={4},
  year={2005},
  organization={IEEE}
}

@article{schlomka2008experimental,
  title={Experimental feasibility of multi-energy photon-counting K-edge imaging in pre-clinical computed tomography},
  author={Schlomka, JPea and Roessl, E and Dorscheid, R and Dill, S and Martens, G and Istel, T and B{\"a}umer, C and Herrmann, C and Steadman, R and Zeitler, G and others},
  journal={Physics in Medicine \& Biology},
  volume={53},
  number={15},
  pages={4031},
  year={2008},
  publisher={IOP Publishing}
}

@inproceedings{stayman2018model,
  title={Model-based Multi-material Decomposition using Spatial-Spectral CT Filters},
  author={Stayman, J. Webster and Tilley II, Steven},
  booktitle={Conference on Image Formation in X-Ray CT, 2018}
}


@inproceedings{tivnan2019physical,
  title={Physical Modeling and Performance of Spatial-Spectral
Filters for CT Material Decomposition},
  author={ Tivnan, Matthew and Tilley II, Steven and Stayman, J. Webster},
  booktitle={SPIE Medical Imaging, 2019}
}

@inproceedings{tilley2018general,
  title={A general CT reconstruction algorithm for model-based material decomposition},
  author={Tilley, Steven and Zbijewski, Wojciech and Siewerdsen, Jeffrey H and Stayman, J Webster},
  booktitle={Medical Imaging 2018: Physics of Medical Imaging},
  volume={10573},
  year={2018},
  organization={Int. Soc. for Optics and Photonics}
}

@article{tilley2018model,
  title={Model-based material decomposition with a penalized nonlinear least-squares CT reconstruction algorithm},
  author={Tilley II, Steven Wayne and Zbijewski, Wojciech and Stayman, Joseph Webster},
  journal={Physics in medicine and biology},
  year={2018},
  publisher={IOP Publishing}
}


@article{bian2010evaluation,
  title={Evaluation of sparse-view reconstruction from flat-panel-detector cone-beam CT},
  author={Bian, Junguo and Siewerdsen, Jeffrey H and Han, Xiao and Sidky, Emil Y and Prince, Jerry L and Pelizzari, Charles A and Pan, Xiaochuan},
  journal={Physics in Medicine \& Biology},
  volume={55},
  number={22},
  pages={6575},
  year={2010},
  publisher={IOP Publishing}
}




@inproceedings{koesters2017sparsect,
  title={SparseCT: interrupted-beam acquisition and sparse reconstruction for radiation dose reduction},
  author={Koesters, Thomas and Knoll, Florian and Sodickson, Aaron and Sodickson, Daniel K and Otazo, Ricardo},
  booktitle={Medical Imaging 2017: Physics of Medical Imaging},
  volume={10132},
  pages={101320Q},
  year={2017},
  organization={International Society for Optics and Photonics}
}

@article{mccollough2015dual,
  title={Dual-and multi-energy CT: principles, technical approaches, and clinical applications},
  author={McCollough, Cynthia H and Leng, Shuai and Yu, Lifeng and Fletcher, Joel G},
  journal={Radiology},
  volume={276},
  number={3},
  pages={637--653},
  year={2015},
  publisher={Radiological Society of North America}
}

@article{muenzel2017simultaneous,
  title={Simultaneous dual-contrast multi-phase liver imaging using spectral photon-counting computed tomography: a proof-of-concept study},
  author={Muenzel, Daniela and Daerr, Heiner and Proksa, Roland and Fingerle, Alexander A and Kopp, Felix K and Douek, Philippe and Herzen, Julia and Pfeiffer, Franz and Rummeny, Ernst J and No{\"e}l, Peter B},
  journal={European radiology experimental},
  volume={1},
  number={1},
  pages={25},
  year={2017},
  publisher={Springer}
}

